<?xml version="1.0" encoding="UTF-8"?><collection xmlns="http://www.loc.gov/MARC21/slim"><record><leader>00599nam--2200193-u-4500</leader><controlfield tag="001">000053455</controlfield><controlfield tag="002">20161230</controlfield><controlfield tag="005">20170107003533</controlfield><controlfield tag="008">110405s1000------------r-----000-0-eng-d</controlfield><datafield ind1=" " ind2=" " tag="020"><subfield code="a">9639290602</subfield></datafield><datafield ind1=" " ind2=" " tag="040"><subfield code="a">IFIN-HH</subfield></datafield><datafield ind1=" " ind2=" " tag="080"><subfield code="a">530.145(082.2)</subfield></datafield><datafield ind1="1" ind2=" " tag="100"><subfield code="a">Kov©Łcs, L©Łszl©đ</subfield></datafield><datafield ind1="1" ind2="0" tag="245"><subfield code="a">Eugene P. Wigner and his Hungarian teachers</subfield><subfield code="b">With the centenary lectures of A. Weinberg and G. Marx</subfield><subfield code="c">L©Łszl©đ Kov©Łcs</subfield></datafield><datafield ind1=" " ind2=" " tag="260"><subfield code="a">Szombathely, Hungary</subfield><subfield code="b">Berzsenyi College</subfield><subfield code="c">2002</subfield></datafield><datafield ind1=" " ind2=" " tag="300"><subfield code="a">114 p</subfield></datafield><datafield ind1=" " ind2=" " tag="490"><subfield code="a">Studia Physics Savariensia</subfield><subfield code="v">Vol. IX</subfield></datafield><datafield ind1=" " ind2=" " tag="852"><subfield code="a">82246</subfield><subfield code="c">92</subfield></datafield><datafield ind1=" " ind2=" " tag="CAT"><subfield code="a">SYS</subfield><subfield code="c">20170107</subfield><subfield code="h">003533</subfield></datafield></record></collection>